<?xml version="1.0" encoding="UTF-8"?><collection xmlns="http://www.loc.gov/MARC21/slim"><record><leader>00437nam--2200169-i-4500</leader><controlfield tag="001">000032767</controlfield><controlfield tag="002">20161230</controlfield><controlfield tag="005">20161230201039</controlfield><controlfield tag="008">060222s1000------------r-----000-0-eng-d</controlfield><datafield ind1=" " ind2=" " tag="040"><subfield code="a">IFIN-HH</subfield></datafield><datafield ind1=" " ind2=" " tag="080"><subfield code="a">66.083.2</subfield></datafield><datafield ind1=" " ind2=" " tag="100"><subfield code="a">Wentorf, R.H</subfield></datafield><datafield ind1="1" ind2="0" tag="245"><subfield code="a">Modern very high pressure techniques</subfield><subfield code="c">R.h. wentorf (ed.)</subfield></datafield><datafield ind1=" " ind2=" " tag="260"><subfield code="a">London</subfield><subfield code="b">Butterworths</subfield><subfield code="c">1962</subfield></datafield><datafield ind1=" " ind2=" " tag="300"><subfield code="a">XIV + 233P</subfield></datafield><datafield ind1=" " ind2=" " tag="852"><subfield code="a">17886</subfield><subfield code="c">53.08</subfield></datafield><datafield ind1=" " ind2=" " tag="CAT"><subfield code="a">Sys</subfield><subfield code="c">20151027</subfield><subfield code="h">143504</subfield></datafield></record></collection>